%---------------------------------------------------------------------------%
%-                                                                         -%
%-                             Bibliography                                -%
%-                                                                         -%
%---------------------------------------------------------------------------%


@article{EsslingerFermiSea,
  title = {Fermionic Atoms in a Three Dimensional Optical Lattice: Observing Fermi Surfaces, Dynamics, and Interactions},
  author = {K\"ohl, Michael and Moritz, Henning and St\"oferle, Thilo and G\"unter, Kenneth and Esslinger, Tilman},
  journal = {Phys. Rev. Lett.},
  volume = {94},
  issue = {8},
  pages = {080403},
  numpages = {4},
  year = {2005},
  month = {Mar},
  publisher = {American Physical Society},
  doi = {https://doi.org/10.1103/PhysRevLett.94.080403},
  url = {https://link.aps.org/doi/10.1103/PhysRevLett.94.080403}
}

@article{Esslinger1DMol,
  title = {Confinement Induced Molecules in a 1D Fermi Gas},
  author = {Moritz, Henning and St\"oferle, Thilo and G\"unter, Kenneth and K\"ohl, Michael and Esslinger, Tilman},
  journal = {Phys. Rev. Lett.},
  volume = {94},
  issue = {21},
  pages = {210401},
  numpages = {4},
  year = {2005},
  month = {Jun},
  publisher = {American Physical Society},
  doi = {https://doi.org/10.1103/PhysRevLett.94.210401},
  url = {https://link.aps.org/doi/10.1103/PhysRevLett.94.210401}
}


@article{Esslinger3DMol,
  title = {Molecules of Fermionic Atoms in an Optical Lattice},
  author = {St\"oferle, Thilo and Moritz, Henning and G\"unter, Kenneth and K\"ohl, Michael and Esslinger, Tilman},
  journal = {Phys. Rev. Lett.},
  volume = {96},
  issue = {3},
  pages = {030401},
  numpages = {4},
  year = {2006},
  month = {Jan},
  publisher = {American Physical Society},
  doi = {https://doi.org/10.1103/PhysRevLett.96.030401},
  url = {https://link.aps.org/doi/10.1103/PhysRevLett.96.030401}
}

@article{Hecker3DMol,
  title = {Long-Lived Feshbach Molecules in a Three-Dimensional Optical Lattice},
  author = {Thalhammer, G. and Winkler, K. and Lang, F. and Schmid, S. and Grimm, R. and Denschlag, J. Hecker},
  journal = {Phys. Rev. Lett.},
  volume = {96},
  issue = {5},
  pages = {050402},
  numpages = {4},
  year = {2006},
  month = {Feb},
  publisher = {American Physical Society},
  doi = {https://doi.org/10.1103/PhysRevLett.96.050402},
  url = {https://link.aps.org/doi/10.1103/PhysRevLett.96.050402}
}





@article{SerwaneDeterministic,
author = {F. Serwane  and G. Zürn  and T. Lompe  and T. B. Ottenstein  and A. N. Wenz  and S. Jochim },
title = {Deterministic Preparation of a Tunable Few-Fermion System},
journal = {Science},
volume = {332},
number = {6027},
pages = {336-338},
year = {2011},
doi = {https://doi.org/10.1126/science.1201351},
URL = {https://www.science.org/doi/abs/10.1126/science.1201351},
eprint = {https://www.science.org/doi/pdf/10.1126/science.1201351},
abstract = {Optical traps are used to prepare up to 10 cold lithium atoms to be used for simulating few-body fermionic systems. Systems consisting of few interacting fermions are the building blocks of matter, with atoms and nuclei being the most prominent examples. We have created a few-body quantum system with complete control over its quantum state using ultracold fermionic atoms in an optical dipole trap. Ground-state systems consisting of 1 to 10 particles are prepared with fidelities of ∼90\%. We can tune the interparticle interactions to arbitrary values using a Feshbach resonance and have observed the interaction-induced energy shift for a pair of repulsively interacting atoms. This work is expected to enable quantum simulation of strongly correlated few-body systems.}}

@article{WenzFermiSeaOnebyOne,
author = {A. N. Wenz  and G. Zürn  and S. Murmann  and I. Brouzos  and T. Lompe  and S. Jochim },
title = {From Few to Many: Observing the Formation of a Fermi Sea One Atom at a Time},
journal = {Science},
volume = {342},
number = {6157},
pages = {457-460},
year = {2013},
doi = {10.1126/science.1240516},
URL = {https://www.science.org/doi/abs/10.1126/science.1240516},
eprint = {https://www.science.org/doi/pdf/10.1126/science.1240516},
abstract = {In physics, the behavior of a system sometimes becomes easier to grasp when the number of particles is large and statistics begin to matter, but knowing how large the system needs to be for that to happen is a challenging computational problem. Wenz et al. (p. 457) used a one-dimensional trapped gas of 6Li atoms to study this crossover from few to many. To simplify the problem, they worked with one “impurity” atom that was in a state unlike the other—“majority”—atoms. For weak and intermediate interactions, the system approached the many-body limit with as few as four majority atoms. Interactions in a one-dimensional few-atom gas of 6Li exhibit a fast convergence to the limit of many particles. Knowing when a physical system has reached sufficient size for its macroscopic properties to be well described by many-body theory is difficult. We investigated the crossover from few- to many-body physics by studying quasi–one-dimensional systems of ultracold atoms consisting of a single impurity interacting with an increasing number of identical fermions. We measured the interaction energy of such a system as a function of the number of majority atoms for different strengths of the interparticle interaction. As we increased the number of majority atoms one by one, we observed fast convergence of the normalized interaction energy toward a many-body limit calculated for a single impurity immersed in a Fermi sea of majority particles.}}


@article{Zurn2013Pairing,
  title = {Pairing in Few-Fermion Systems with Attractive Interactions},
  author = {Z\"urn, G. and Wenz, A. N. and Murmann, S. and Bergschneider, A. and Lompe, T. and Jochim, S.},
  journal = {Phys. Rev. Lett.},
  volume = {111},
  issue = {17},
  pages = {175302},
  numpages = {5},
  year = {2013},
  month = {Oct},
  publisher = {American Physical Society},
  doi = {10.1103/PhysRevLett.111.175302},
  url = {https://link.aps.org/doi/10.1103/PhysRevLett.111.175302}
}



@article{MurmannSpinChain,
  title = {Antiferromagnetic Heisenberg Spin Chain of a Few Cold Atoms in a One-Dimensional Trap},
  author = {Murmann, S. and Deuretzbacher, F. and Z\"urn, G. and Bjerlin, J. and Reimann, S. M. and Santos, L. and Lompe, T. and Jochim, S.},
  journal = {Phys. Rev. Lett.},
  volume = {115},
  issue = {21},
  pages = {215301},
  numpages = {5},
  year = {2015},
  month = {Nov},
  publisher = {American Physical Society},
  doi = {https://doi.org/10.1103/PhysRevLett.115.215301},
  url = {https://link.aps.org/doi/10.1103/PhysRevLett.115.215301}
}



@article{MurmannTwoFermionDoubleWell,
  title = {Two Fermions in a Double Well: Exploring a Fundamental Building Block of the Hubbard Model},
  author = {Murmann, Simon and Bergschneider, Andrea and Klinkhamer, Vincent M. and Z\"urn, Gerhard and Lompe, Thomas and Jochim, Selim},
  journal = {Phys. Rev. Lett.},
  volume = {114},
  issue = {8},
  pages = {080402},
  numpages = {5},
  year = {2015},
  month = {Feb},
  publisher = {American Physical Society},
  doi = {https://doi.org/10.1103/PhysRevLett.114.080402},
  url = {https://link.aps.org/doi/10.1103/PhysRevLett.114.080402}
}













@article{gorshkov2010two,
    title={Two-orbital SU (N) magnetism with ultracold alkaline-earth atoms},
    author={Gorshkov, Alexey Vyacheslavovich and Hermele, M and Gurarie, V and Xu, C and Julienne, Paul S and Ye, J and Zoller, Peter and Demler, Eugene and Lukin, Mikhail D and Rey, AM},
    journal={Nature physics},
    volume={6},
    number={4},
    pages={289--295},
    year={2010},
    publisher={Nature Publishing Group},
    url= {https://www.nature.com/articles/nphys1535},
    doi= {https://doi.org/10.1038/nphys1535},
}

@article{scazza2014observation,
  title={Observation of two-orbital spin-exchange interactions with ultracold SU (N)-symmetric fermions},
  author={Scazza, Francesco and Hofrichter, Christian and H{\"o}fer, Moritz and De Groot, PC and Bloch, Immanuel and F{\"o}lling, Simon},
  journal={Nature Physics},
  volume={10},
  number={10},
  pages={779--784},
  year={2014},
  publisher={Nature Publishing Group},
  url={https://www.nature.com/articles/nphys3061},
  doi={https://doi.org/10.1038/nphys3061}
}

@article{cappellini2014direct,
  title={Direct observation of coherent interorbital spin-exchange dynamics},
  author={Cappellini, Giacomo and Mancini, Marco and Pagano, Guido and Lombardi, Pietro and Livi, Lorenzo and De Cumis, M Siciliani and Cancio, Pablo and Pizzocaro, Marco and Calonico, Davide and Levi, Filippo and others},
  journal={Physical review letters},
  volume={113},
  number={12},
  pages={120402},
  year={2014},
  publisher={APS},
  url={https://journals.aps.org/prl/abstract/10.1103/PhysRevLett.113.120402},
  doi={https://doi.org/10.1103/PhysRevLett.113.120402}
}


@article{pagano2015strongly,
  title={Strongly interacting gas of two-electron fermions at an orbital Feshbach resonance},
  author={Pagano, G and Mancini, M and Cappellini, G and Livi, L and Sias, C and Catani, J and Inguscio, M and Fallani, L},
  journal={Physical review letters},
  volume={115},
  number={26},
  pages={265301},
  year={2015},
  publisher={APS},
  url={https://journals.aps.org/prl/abstract/10.1103/PhysRevLett.115.265301},
  doi={https://doi.org/10.1103/PhysRevLett.115.265301}
}

@article{hofer2015observation,
  title={Observation of an orbital interaction-induced Feshbach resonance in Yb 173},
  author={H{\"o}fer, Moritz and Riegger, Luis and Scazza, Francesco and Hofrichter, Christian and Fernandes, DR and Parish, MM and Levinsen, J and Bloch, Immanuel and F{\"o}lling, Simon},
  journal={Physical review letters},
  volume={115},
  number={26},
  pages={265302},
  year={2015},
  publisher={APS},
  url={https://journals.aps.org/prl/abstract/10.1103/PhysRevLett.115.265302},
  doi={https://doi.org/10.1103/PhysRevLett.115.265302}
}

@article{zhang2014spectroscopic,
author = {X. Zhang  and M. Bishof  and S. L. Bromley  and C. V. Kraus  and M. S. Safronova  and P. Zoller  and A. M. Rey  and J. Ye },
title = {Spectroscopic observation of SU(<i>N</i>)-symmetric interactions in Sr orbital magnetism},
journal = {Science},
volume = {345},
number = {6203},
pages = {1467-1473},
year = {2014},
url = {https://www.science.org/doi/abs/10.1126/science.1254978},
doi = {https://doi.org/10.1126/science.1254978},
}


@article{ono2019antiferromagnetic,
  title = {Antiferromagnetic interorbital spin-exchange interaction of $^{171}\mathrm{Yb}$},
  author = {Ono, Koki and Kobayashi, Jun and Amano, Yoshiki and Sato, Koji and Takahashi, Yoshiro},
  journal = {Phys. Rev. A},
  volume = {99},
  issue = {3},
  pages = {032707},
  numpages = {7},
  year = {2019},
  month = {Mar},
  publisher = {American Physical Society},
  url = {https://link.aps.org/doi/10.1103/PhysRevA.99.032707},
  doi = {https://doi.org/10.1103/PhysRevA.99.032707},
}


@article{zhang2016kondo,
  title={Kondo effect in alkaline-earth-metal atomic gases with confinement-induced resonances},
  author={Zhang, Ren and Zhang, Deping and Cheng, Yanting and Chen, Wei and Zhang, Peng and Zhai, Hui},
  journal={Physical Review A},
  volume={93},
  number={4},
  pages={043601},
  year={2016},
  publisher={APS},
  url={https://journals.aps.org/pra/abstract/10.1103/PhysRevA.93.043601},
  doi={https://doi.org/10.1103/PhysRevA.93.043601}
}

@article{cheng2017enhancing,
  title={Enhancing Kondo coupling in alkaline-earth-metal atomic gases with confinement-induced resonances in mixed dimensions},
  author={Cheng, Yanting and Zhang, Ren and Zhang, Peng and Zhai, Hui},
  journal={Physical Review A},
  volume={96},
  number={6},
  pages={063605},
  year={2017},
  publisher={APS},
  url={https://journals.aps.org/pra/abstract/10.1103/PhysRevA.96.063605},
  doi={https://doi.org/10.1103/PhysRevA.96.063605}
}

@article{zhang2018control,
  title={Control of spin-exchange interaction between alkali-earth-metal atoms via confinement-induced resonances in a quasi-(1+ 0)-dimensional system},
  author={Zhang, Ren and Zhang, Peng},
  journal={Physical Review A},
  volume={98},
  number={4},
  pages={043627},
  year={2018},
  publisher={APS},
  url={https://journals.aps.org/pra/abstract/10.1103/PhysRevA.98.043627},
  doi={https://doi.org/10.1103/PhysRevA.98.043627},
}

@article{ji2018confinement,
  title={Confinement-induced resonance of alkaline-earth-metal-like atoms in anisotropic quasi-one-dimensional traps},
  author={Ji, Qing and Zhang, Ren and Zhang, Xiang and Zhang, Wei},
  journal={Physical Review A},
  volume={98},
  number={5},
  pages={053613},
  year={2018},
  publisher={APS},
  url={https://journals.aps.org/pra/abstract/10.1103/PhysRevA.98.053613},
  doi={https://doi.org/10.1103/PhysRevA.98.053613}
}

@article{zhang2020tight,
  title={Tight-binding Kondo model and spin-exchange collision rate of alkaline-earth-metal atoms in a mixed-dimensional optical lattice},
  author={Zhang, Ren and Zhang, Peng},
  journal={Physical Review A},
  volume={101},
  number={1},
  pages={013636},
  year={2020},
  publisher={APS},
  url={https://link.aps.org/doi/10.1103/PhysRevA.101.013636},
  doi={https://doi.org/10.1103/PhysRevA.101.013636}
}

@article{zhang2020controlling,
  title={Controlling the interaction of ultracold alkaline-earth atoms},
  author={Zhang, Ren and Cheng, Yanting and Zhang, Peng and Zhai, Hui},
  journal={Nature Reviews Physics},
  volume={2},
  number={4},
  pages={213--220},
  year={2020},
  publisher={Nature Publishing Group},
  url={https://www.nature.com/articles/s42254-020-0157-9},
  doi={https://doi.org/10.1038/s42254-020-0157-9}
}

@article{riegger2018localized,
  title={Localized magnetic moments with tunable spin exchange in a gas of ultracold fermions},
  author={Riegger, Luis and Oppong, N Darkwah and H{\"o}fer, Moritz and Fernandes, D Rio and Bloch, Immanuel and F{\"o}lling, Simon},
  journal={Physical review letters},
  volume={120},
  number={14},
  pages={143601},
  year={2018},
  publisher={APS},
  url={https://journals.aps.org/prl/abstract/10.1103/PhysRevLett.120.143601},
  doi={https://doi.org/10.1103/PhysRevLett.120.143601}
}

@article{barber2008optical,
  title={Optical lattice induced light shifts in an Yb atomic clock},
  author={Barber, Zeb W and Stalnaker, Jason E and Lemke, Nathan D and Poli, N and Oates, CW and Fortier, TM and Diddams, SA and Hollberg, L and Hoyt, CW and Taichenachev, AV and others},
  journal={Physical Review Letters},
  volume={100},
  number={10},
  pages={103002},
  year={2008},
  publisher={APS},
  url={https://journals.aps.org/prl/abstract/10.1103/PhysRevLett.100.103002},
  doi={https://doi.org/10.1103/PhysRevLett.100.103002}
}

@article{andrei1983solution,
  title={Solution of the Kondo problem},
  author={Andrei, Natan and Furuya, K and Lowenstein, JH},
  journal={Reviews of modern physics},
  volume={55},
  number={2},
  pages={331},
  year={1983},
  publisher={APS},
  url={https://journals.aps.org/rmp/abstract/10.1103/RevModPhys.55.331},
  doi={https://doi.org/10.1103/RevModPhys.55.331}
}

@article{busch1998two,
  title={Two cold atoms in a harmonic trap},
  author={Busch, Thomas and Englert, Berthold-Georg and Rza{\.z}ewski, Kazimierz and Wilkens, Martin},
  journal={Foundations of Physics},
  volume={28},
  number={4},
  pages={549--559},
  year={1998},
  publisher={Springer},
  url={https://link.springer.com/article/10.1023/A:1018705520999},
  doi={https://doi.org/10.1023/A:1018705520999},
}

@article{zurn2012fermionization,
  title={Fermionization of two distinguishable fermions},
  author={Z{\"u}rn, Gerhard and Serwane, Friedhelm and Lompe, T and Wenz, AN and Ries, Martin Gerhard and Bohn, Johanna Elise and Jochim, Selim},
  journal={Physical review letters},
  volume={108},
  number={7},
  pages={075303},
  year={2012},
  publisher={APS},
  url={https://journals.aps.org/prl/abstract/10.1103/PhysRevLett.108.075303},
  doi={https://doi.org/10.1103/PhysRevLett.108.075303},
}

@article{mahanmany,
  title={Many-Particle Physics, (Kluwer Academic/Plenum Publishers, New York, 2000).},
  author={Mahan, GD},
  publisher={Springer},
  year={2000},
  url = {https://link.springer.com/book/10.1007/978-1-4757-5714-9},
  doi={https://doi.org/10.1007/978-1-4757-5714-9}
}

@article{cui2014ground,
  title={Ground-state ferromagnetic transition in strongly repulsive one-dimensional Fermi gases},
  author={Cui, Xiaoling and Ho, Tin-Lun},
  journal={Physical Review A},
  volume={89},
  number={2},
  pages={023611},
  year={2014},
  publisher={APS},
  url={https://journals.aps.org/pra/abstract/10.1103/PhysRevA.89.023611},
  doi={https://doi.org/10.1103/PhysRevA.89.023611}
}


@article{Yosida,
  title = {Bound State Due to the $s\ensuremath{-}d$ Exchange Interaction},
  author = {Yosida, Kei},
  journal = {Phys. Rev.},
  volume = {147},
  issue = {1},
  pages = {223--227},
  numpages = {0},
  year = {1966},
  month = {Jul},
  publisher = {American Physical Society},
  doi = {10.1103/PhysRev.147.223},
  url = {https://link.aps.org/doi/10.1103/PhysRev.147.223}
}













@book{wikibook2014latex,
    title={http://en.wikibooks.org/wiki/LaTeX},
    author={Wikibook},
    year={2014},
    publisher={On-line Resources}
}
@book{lamport1986document,
    title={Document Preparation System},
    author={Lamport, Leslie},
    year={1986},
    publisher={Addison-Wesley Reading, MA}
}
@article{chen2005zhulu,
    title={著录文后参考文献的规则及注意事项},
    author={陈浩元},
    key={Chen Hao Yuan},
    journal={编辑学报},
    volume={17},
    number={6},
    pages={413--415},
    year={2005}
}
@book{chu2004tushu,
    title={图书馆数字参考咨询服务研究},
    author={初景利},
    key={Chu Jing Li},
    year={2004},
    address={北京},
    publisher={北京图书馆出版社}
}
@article{stamerjohanns2009mathml,
    title={{MathML}-aware article conversion from {LaTeX}},
    author={Stamerjohanns, Heinrich and Ginev, Deyan and David, Catalin and Misev, Dimitar and Zamdzhiev, Vladimir and Kohlhase, Michael},
    journal={Towards a Digital Mathematics Library},
    volume={16},
    number={2},
    pages={109--120},
    year={2009},
    publisher={Masaryk University Press}
}
@article{betts2005aging,
    title={Aging reduces center-surround antagonism in visual motion processing},
    author={Betts, Lisa R and Taylor, Christopher P},
    journal={Neuron},
    volume={45},
    number={3},
    pages={361--366},
    year={2005},
    publisher={Elsevier}
}

@article{bravo1990comparative,
    title={Comparative study of visual inter and intrahemispheric cortico-cortical connections in five native Chilean rodents},
    author={Bravo, Hermes and Olavarria, Jaime},
    journal={Anatomy and embryology},
    volume={181},
    number={1},
    pages={67--73},
    year={1990},
    publisher={Springer}
}
@book{hls2012jinji,
    author       = {哈里森·沃尔德伦},
    key          = {Haliseng Woerdelun},
    translator   = {谢远涛},
    title        = {经济数学与金融数学},
    address      = {北京},
    publisher    = {中国人民大学出版社},
    year         = {2012},
    pages        = {235--236},
}
@proceedings{niu2013zonghe,
    editor       = {牛志明 and 斯温兰德 and 雷光春},
    key          = {Niu Zhi Ming Siwenlande Lei Guang Chun},
    title        = {综合湿地管理国际研讨会论文集},
    address      = {北京},
    publisher    = {海洋出版社},
    year         = {2013},
}
@incollection{chen1980zhongguo,
    author       = {陈晋镳 and 张惠民 and 朱士兴 and 赵震 and
        王振刚},
    key          = {Chen Jing Ao Zhang Hui Ming Zhu Shi Xing Zhao Zhen Wang Zhen Gang},
    title        = {蓟县震旦亚界研究},
    editor       = {中国地质科学院天津地质矿产研究所},
    booktitle    = {中国震旦亚界},
    address      = {天津},
    publisher    = {天津科学技术出版社},
    year         = {1980},
    pages        = {56--114},
}
@article{yuan2012lana,
    author       = {袁训来 and 陈哲 and 肖书海},
    key          = {Yuan xun lai Chen zhe Xiao shu Hai},
    title        = {蓝田生物群: 一个认识多细胞生物起源和早期演化的新窗口 -- 篇一},
    journal      = {科学通报},
    year         = {2012},
    volume       = {57},
    number       = {34},
    pages        = {3219},
}
@article{yuan2012lanb,
    author       = {袁训来 and 陈哲 and 肖书海},
    key          = {Yuan xun lai Chen zhe Xiao shu Hai},
    title        = {蓝田生物群: 一个认识多细胞生物起源和早期演化的新窗口 -- 篇二},
    journal      = {科学通报},
    year         = {2012},
    volume       = {57},
    number       = {34},
    pages        = {3219},
}
@article{yuan2012lanc,
    author       = {袁训来 and 陈哲 and 肖书海},
    key          = {Yuan xun lai Chen zhe Xiao shu Hai},
    title        = {蓝田生物群: 一个认识多细胞生物起源和早期演化的新窗口 -- 篇三},
    journal      = {科学通报},
    year         = {2012},
    volume       = {57},
    number       = {34},
    pages        = {3219},
}
@article{walls2013drought,
    author       = {Walls, Susan C. and Barichivich, William J. and Brown, Mary
        E.},
    title        = {Drought, deluge and declines: the impact of precipitation
        extremes on amphibians in a changing climate},
    journal      = {Biology},
    year         = {2013},
    volume       = {2},
    number       = {1},
    pages        = {399--418},
    urldate      = {2013-11-04},
    url          = {http://www.mdpi.com/2079-7737/2/1/399},
    doi          = {10.3390/biology2010399},
}
@article{Bohan1928,
    author = { ボハン, デ},
    title = { 過去及び現在に於ける英国と会 },
    journal = { 日本時報 },
    year = { 1928 },
    volume = { 17 },
    pages = { 5-9 },
    edition = { 9 },
    hyphenation = { japanese },
    language = { japanese }
}

@article{Dubrovin1906,
    author = { Дубровин, А. И },
    title = { Открытое письмо Председателя Главного Совета Союза Русского Народа Санкт-Петербургскому Антонию, Первенствующему члену Священного Синода },
    journal = { Вече },
    year = { 1906 },
    volume = {  },
    edition = { 97 },
    month = { 7 дек. 1906 },
    pages = { 1-3 },
    hyphenation = { russian },
    language = { russian }
}
%---------------------------------------------------------------------------%
